@Book{butenhof:97,
  author = 	 {David R. Butenhof},
  title = 	 {Programming with POSIX Threads},
  publisher = 	 {Addison-Wesley Professional},
  year = 	 {1997}
}

@Book{muller:2,
  author = 	 {Matthias S. Müller, Barbara Chapman, Bronis R. de Supinski, Allen D. Malony, Michael Voss},
  title = 	 {OpenMP Shared Memory Parallel Programming},
  publisher = 	 {Springer},
  year = 	 {2008}
}

@Book{pacheco:3,
  author = 	 {An Introduction to Parallel Programming},
  title = 	 {OpenMP Shared Memory Parallel Programming},
  publisher = 	 {Morgan Kaupmann},
  year = 	 {2011}
}

@ARTICLE{ARTICLE:1,
    AUTHOR="Matheus A. Souza, Pedro Henrique Penna, Matheus M. Queiroz, Alyson D. Pereira, Luís Fabricio Wanderley Góes, Henrique C. Freitas, Márcio Castro, Philippe O.A. Navaux, Jean‐François Méhaut",
    TITLE="CAP Bench: a benchmark suite for performance and energy evaluation of low‐power many‐core processors",
    JOURNAL="Journal",
    YEAR="2016",
}

@ARTICLE{ARTICLE:2,
    AUTHOR="Leonardo Dagum, Ramesh Menon",
    TITLE="OpenMP: An IndustryStandard
    API for SharedMemory
    Programming",
    JOURNAL="Journal",
    YEAR="1998",
}

@ARTICLE{ARTICLE:3,
    AUTHOR="Ulrich Drepper, Ingo Molnar",
    TITLE="The Native POSIX Thread Library for Linux",
    JOURNAL="Journal",
    YEAR="2005",
}